%YAML 1.1
%TAG !u! tag:unity3d.com,2011:
--- !u!1 &4304212553123373322
GameObject:
  m_ObjectHideFlags: 0
  m_CorrespondingSourceObject: {fileID: 0}
  m_PrefabInstance: {fileID: 0}
  m_PrefabAsset: {fileID: 0}
  serializedVersion: 6
  m_Component:
  - component: {fileID: 7597025641652813939}
  - component: {fileID: 7388460040606765800}
  - component: {fileID: 4939126447110917679}
  - component: {fileID: 7693750089466061011}
  - component: {fileID: 2190182031771081099}
  m_Layer: 5
  m_Name: Canvas
  m_TagString: Untagged
  m_Icon: {fileID: 0}
  m_NavMeshLayer: 0
  m_StaticEditorFlags: 0
  m_IsActive: 0
--- !u!224 &7597025641652813939
RectTransform:
  m_ObjectHideFlags: 0
  m_CorrespondingSourceObject: {fileID: 0}
  m_PrefabInstance: {fileID: 0}
  m_PrefabAsset: {fileID: 0}
  m_GameObject: {fileID: 4304212553123373322}
  m_LocalRotation: {x: 0, y: 0.36706942, z: 0, w: 0.93019354}
  m_LocalPosition: {x: 0, y: 0, z: 0}
  m_LocalScale: {x: 1, y: 1, z: 1}
  m_Children:
  - {fileID: 2918912399803016487}
  m_Father: {fileID: 7479905729548198370}
  m_RootOrder: 3
  m_LocalEulerAnglesHint: {x: 0, y: 43.07, z: 0}
  m_AnchorMin: {x: 0.5, y: 0.5}
  m_AnchorMax: {x: 0.5, y: 0.5}
  m_AnchoredPosition: {x: 0.28, y: 1.774}
  m_SizeDelta: {x: 1, y: 1}
  m_Pivot: {x: 0.5, y: 0.5}
--- !u!223 &7388460040606765800
Canvas:
  m_ObjectHideFlags: 0
  m_CorrespondingSourceObject: {fileID: 0}
  m_PrefabInstance: {fileID: 0}
  m_PrefabAsset: {fileID: 0}
  m_GameObject: {fileID: 4304212553123373322}
  m_Enabled: 1
  serializedVersion: 3
  m_RenderMode: 2
  m_Camera: {fileID: 0}
  m_PlaneDistance: 100
  m_PixelPerfect: 0
  m_ReceivesEvents: 1
  m_OverrideSorting: 0
  m_OverridePixelPerfect: 0
  m_SortingBucketNormalizedSize: 0
  m_AdditionalShaderChannelsFlag: 25
  m_SortingLayerID: 0
  m_SortingOrder: 1
  m_TargetDisplay: 0
--- !u!114 &4939126447110917679
MonoBehaviour:
  m_ObjectHideFlags: 0
  m_CorrespondingSourceObject: {fileID: 0}
  m_PrefabInstance: {fileID: 0}
  m_PrefabAsset: {fileID: 0}
  m_GameObject: {fileID: 4304212553123373322}
  m_Enabled: 1
  m_EditorHideFlags: 0
  m_Script: {fileID: 11500000, guid: 0cd44c1031e13a943bb63640046fad76, type: 3}
  m_Name: 
  m_EditorClassIdentifier: 
  m_UiScaleMode: 0
  m_ReferencePixelsPerUnit: 100
  m_ScaleFactor: 1
  m_ReferenceResolution: {x: 800, y: 600}
  m_ScreenMatchMode: 0
  m_MatchWidthOrHeight: 0
  m_PhysicalUnit: 3
  m_FallbackScreenDPI: 96
  m_DefaultSpriteDPI: 96
  m_DynamicPixelsPerUnit: 1
  m_PresetInfoIsWorld: 1
--- !u!114 &7693750089466061011
MonoBehaviour:
  m_ObjectHideFlags: 0
  m_CorrespondingSourceObject: {fileID: 0}
  m_PrefabInstance: {fileID: 0}
  m_PrefabAsset: {fileID: 0}
  m_GameObject: {fileID: 4304212553123373322}
  m_Enabled: 1
  m_EditorHideFlags: 0
  m_Script: {fileID: 11500000, guid: dc42784cf147c0c48a680349fa168899, type: 3}
  m_Name: 
  m_EditorClassIdentifier: 
  m_IgnoreReversedGraphics: 1
  m_BlockingObjects: 0
  m_BlockingMask:
    serializedVersion: 2
    m_Bits: 4294967295
--- !u!95 &2190182031771081099
Animator:
  serializedVersion: 3
  m_ObjectHideFlags: 0
  m_CorrespondingSourceObject: {fileID: 0}
  m_PrefabInstance: {fileID: 0}
  m_PrefabAsset: {fileID: 0}
  m_GameObject: {fileID: 4304212553123373322}
  m_Enabled: 1
  m_Avatar: {fileID: 0}
  m_Controller: {fileID: 9100000, guid: 1d692a23ce3514b6f9f3f056643768b2, type: 2}
  m_CullingMode: 0
  m_UpdateMode: 0
  m_ApplyRootMotion: 0
  m_LinearVelocityBlending: 0
  m_WarningMessage: 
  m_HasTransformHierarchy: 1
  m_AllowConstantClipSamplingOptimization: 1
  m_KeepAnimatorControllerStateOnDisable: 0
--- !u!1 &7479905727750249174
GameObject:
  m_ObjectHideFlags: 0
  m_CorrespondingSourceObject: {fileID: 0}
  m_PrefabInstance: {fileID: 0}
  m_PrefabAsset: {fileID: 0}
  serializedVersion: 6
  m_Component:
  - component: {fileID: 7479905727750249175}
  - component: {fileID: 7479905727750249172}
  - component: {fileID: 7479905727750249170}
  - component: {fileID: 7479905727750249173}
  m_Layer: 0
  m_Name: DefaultChidHook
  m_TagString: Untagged
  m_Icon: {fileID: 0}
  m_NavMeshLayer: 0
  m_StaticEditorFlags: 0
  m_IsActive: 1
--- !u!4 &7479905727750249175
Transform:
  m_ObjectHideFlags: 0
  m_CorrespondingSourceObject: {fileID: 0}
  m_PrefabInstance: {fileID: 0}
  m_PrefabAsset: {fileID: 0}
  m_GameObject: {fileID: 7479905727750249174}
  m_LocalRotation: {x: 0, y: 0, z: 0, w: 1}
  m_LocalPosition: {x: 0, y: 0, z: 0}
  m_LocalScale: {x: 1, y: 1, z: 1}
  m_Children:
  - {fileID: 7479905728348946794}
  m_Father: {fileID: 7479905729548198370}
  m_RootOrder: 2
  m_LocalEulerAnglesHint: {x: 0, y: 0, z: 0}
--- !u!114 &7479905727750249172
MonoBehaviour:
  m_ObjectHideFlags: 0
  m_CorrespondingSourceObject: {fileID: 0}
  m_PrefabInstance: {fileID: 0}
  m_PrefabAsset: {fileID: 0}
  m_GameObject: {fileID: 7479905727750249174}
  m_Enabled: 1
  m_EditorHideFlags: 0
  m_Script: {fileID: 11500000, guid: 43963333a2ee945989e13e57bdf7c5a6, type: 3}
  m_Name: 
  m_EditorClassIdentifier: 
  gameManager: {fileID: 0}
  APTools: {fileID: 0}
  gameplayData:
    gameScore: 0
    currentLevelNumber: 0
    gameStartTime: 0
    gameEndTime: 0
    totalLevelCompletedTime: 0
    isGameoverSuccess: 0
  gameState: 0
  gameMechanism: 0
  animationCurve:
    serializedVersion: 2
    m_Curve: []
    m_PreInfinity: 2
    m_PostInfinity: 2
    m_RotationOrder: 4
  followOffset: {x: 0, y: 0, z: 0}
  sensorCollider: {fileID: 0}
  selfStackPoint: {fileID: 7479905728348946794}
  follower: {fileID: 0}
  following: {fileID: 0}
  groundCheckPoint: {fileID: 0}
  groundCheckDistance: 0
  readyToFollow: 0
  isBusyToJump: 0
  isInPendulum: 0
  isGrounded: 0
--- !u!95 &7479905727750249170
Animator:
  serializedVersion: 3
  m_ObjectHideFlags: 0
  m_CorrespondingSourceObject: {fileID: 0}
  m_PrefabInstance: {fileID: 0}
  m_PrefabAsset: {fileID: 0}
  m_GameObject: {fileID: 7479905727750249174}
  m_Enabled: 1
  m_Avatar: {fileID: 0}
  m_Controller: {fileID: 0}
  m_CullingMode: 0
  m_UpdateMode: 0
  m_ApplyRootMotion: 0
  m_LinearVelocityBlending: 0
  m_WarningMessage: 
  m_HasTransformHierarchy: 1
  m_AllowConstantClipSamplingOptimization: 1
  m_KeepAnimatorControllerStateOnDisable: 0
--- !u!54 &7479905727750249173
Rigidbody:
  m_ObjectHideFlags: 0
  m_CorrespondingSourceObject: {fileID: 0}
  m_PrefabInstance: {fileID: 0}
  m_PrefabAsset: {fileID: 0}
  m_GameObject: {fileID: 7479905727750249174}
  serializedVersion: 2
  m_Mass: 1
  m_Drag: 0
  m_AngularDrag: 0.05
  m_UseGravity: 0
  m_IsKinematic: 1
  m_Interpolate: 0
  m_Constraints: 0
  m_CollisionDetection: 0
--- !u!1 &7479905728165190301
GameObject:
  m_ObjectHideFlags: 0
  m_CorrespondingSourceObject: {fileID: 0}
  m_PrefabInstance: {fileID: 0}
  m_PrefabAsset: {fileID: 0}
  serializedVersion: 6
  m_Component:
  - component: {fileID: 7479905728165190298}
  m_Layer: 0
  m_Name: PlayerVFX
  m_TagString: Untagged
  m_Icon: {fileID: 0}
  m_NavMeshLayer: 0
  m_StaticEditorFlags: 0
  m_IsActive: 1
--- !u!4 &7479905728165190298
Transform:
  m_ObjectHideFlags: 0
  m_CorrespondingSourceObject: {fileID: 0}
  m_PrefabInstance: {fileID: 0}
  m_PrefabAsset: {fileID: 0}
  m_GameObject: {fileID: 7479905728165190301}
  m_LocalRotation: {x: 0, y: 0.7071068, z: 0, w: 0.7071068}
  m_LocalPosition: {x: 0, y: 0, z: 0}
  m_LocalScale: {x: 1, y: 1, z: 1}
  m_Children:
  - {fileID: 6937601558004744901}
  m_Father: {fileID: 7479905729548198370}
  m_RootOrder: 0
  m_LocalEulerAnglesHint: {x: 0, y: 90, z: 0}
--- !u!1 &7479905728348946797
GameObject:
  m_ObjectHideFlags: 0
  m_CorrespondingSourceObject: {fileID: 0}
  m_PrefabInstance: {fileID: 0}
  m_PrefabAsset: {fileID: 0}
  serializedVersion: 6
  m_Component:
  - component: {fileID: 7479905728348946794}
  m_Layer: 0
  m_Name: ChildStackPoint
  m_TagString: Untagged
  m_Icon: {fileID: 0}
  m_NavMeshLayer: 0
  m_StaticEditorFlags: 0
  m_IsActive: 1
--- !u!4 &7479905728348946794
Transform:
  m_ObjectHideFlags: 0
  m_CorrespondingSourceObject: {fileID: 0}
  m_PrefabInstance: {fileID: 0}
  m_PrefabAsset: {fileID: 0}
  m_GameObject: {fileID: 7479905728348946797}
  m_LocalRotation: {x: 0, y: 0, z: 0, w: 1}
  m_LocalPosition: {x: 0, y: 1.805, z: 0}
  m_LocalScale: {x: 1, y: 1, z: 1}
  m_Children: []
  m_Father: {fileID: 7479905727750249175}
  m_RootOrder: 0
  m_LocalEulerAnglesHint: {x: 0, y: 0, z: 0}
--- !u!1 &7479905728679650453
GameObject:
  m_ObjectHideFlags: 0
  m_CorrespondingSourceObject: {fileID: 0}
  m_PrefabInstance: {fileID: 0}
  m_PrefabAsset: {fileID: 0}
  serializedVersion: 6
  m_Component:
  - component: {fileID: 7479905728679650450}
  m_Layer: 0
  m_Name: GroundCheckPoint
  m_TagString: Untagged
  m_Icon: {fileID: 0}
  m_NavMeshLayer: 0
  m_StaticEditorFlags: 0
  m_IsActive: 1
--- !u!4 &7479905728679650450
Transform:
  m_ObjectHideFlags: 0
  m_CorrespondingSourceObject: {fileID: 0}
  m_PrefabInstance: {fileID: 0}
  m_PrefabAsset: {fileID: 0}
  m_GameObject: {fileID: 7479905728679650453}
  m_LocalRotation: {x: 0, y: 0, z: 0, w: 1}
  m_LocalPosition: {x: 0, y: 0.05, z: 0}
  m_LocalScale: {x: 1, y: 1, z: 1}
  m_Children: []
  m_Father: {fileID: 7479905729548198370}
  m_RootOrder: 1
  m_LocalEulerAnglesHint: {x: 0, y: 0, z: 0}
--- !u!1 &7479905729548198373
GameObject:
  m_ObjectHideFlags: 0
  m_CorrespondingSourceObject: {fileID: 0}
  m_PrefabInstance: {fileID: 0}
  m_PrefabAsset: {fileID: 0}
  serializedVersion: 6
  m_Component:
  - component: {fileID: 7479905729548198370}
  - component: {fileID: 7479905729548198369}
  - component: {fileID: 7479905729548198368}
  - component: {fileID: 7479905729548198371}
  - component: {fileID: 7479905729548198382}
  m_Layer: 8
  m_Name: Player
  m_TagString: Untagged
  m_Icon: {fileID: 0}
  m_NavMeshLayer: 0
  m_StaticEditorFlags: 0
  m_IsActive: 1
--- !u!4 &7479905729548198370
Transform:
  m_ObjectHideFlags: 0
  m_CorrespondingSourceObject: {fileID: 0}
  m_PrefabInstance: {fileID: 0}
  m_PrefabAsset: {fileID: 0}
  m_GameObject: {fileID: 7479905729548198373}
  m_LocalRotation: {x: 0, y: 0, z: 0, w: 1}
  m_LocalPosition: {x: -4.566, y: 0, z: 0.027}
  m_LocalScale: {x: 1, y: 1, z: 1}
  m_Children:
  - {fileID: 7479905728165190298}
  - {fileID: 7479905728679650450}
  - {fileID: 7479905727750249175}
  - {fileID: 7597025641652813939}
  m_Father: {fileID: 0}
  m_RootOrder: 0
  m_LocalEulerAnglesHint: {x: 0, y: 0, z: 0}
--- !u!54 &7479905729548198369
Rigidbody:
  m_ObjectHideFlags: 0
  m_CorrespondingSourceObject: {fileID: 0}
  m_PrefabInstance: {fileID: 0}
  m_PrefabAsset: {fileID: 0}
  m_GameObject: {fileID: 7479905729548198373}
  serializedVersion: 2
  m_Mass: 1
  m_Drag: 0
  m_AngularDrag: 0.05
  m_UseGravity: 1
  m_IsKinematic: 0
  m_Interpolate: 0
  m_Constraints: 120
  m_CollisionDetection: 1
--- !u!95 &7479905729548198368
Animator:
  serializedVersion: 3
  m_ObjectHideFlags: 0
  m_CorrespondingSourceObject: {fileID: 0}
  m_PrefabInstance: {fileID: 0}
  m_PrefabAsset: {fileID: 0}
  m_GameObject: {fileID: 7479905729548198373}
  m_Enabled: 1
  m_Avatar: {fileID: 9000000, guid: f660eb03496104af49f37a3d187dc12c, type: 3}
  m_Controller: {fileID: 9100000, guid: becd88869eeca4045ac24fdfb44abd9a, type: 2}
  m_CullingMode: 2
  m_UpdateMode: 0
  m_ApplyRootMotion: 0
  m_LinearVelocityBlending: 0
  m_WarningMessage: 
  m_HasTransformHierarchy: 1
  m_AllowConstantClipSamplingOptimization: 1
  m_KeepAnimatorControllerStateOnDisable: 0
--- !u!114 &7479905729548198371
MonoBehaviour:
  m_ObjectHideFlags: 0
  m_CorrespondingSourceObject: {fileID: 0}
  m_PrefabInstance: {fileID: 0}
  m_PrefabAsset: {fileID: 0}
  m_GameObject: {fileID: 7479905729548198373}
  m_Enabled: 1
  m_EditorHideFlags: 0
  m_Script: {fileID: 11500000, guid: 5714a5bc77c374e9a8ed42ed68355e50, type: 3}
  m_Name: 
  m_EditorClassIdentifier: 
  gameManager: {fileID: 0}
  APTools: {fileID: 0}
  gameplayData:
    gameScore: 0
    currentLevelNumber: 0
    gameStartTime: 0
    gameEndTime: 0
    totalLevelCompletedTime: 0
    isGameoverSuccess: 0
  gameState: 0
  gameMechanism: 0
  animationCurve:
    serializedVersion: 2
    m_Curve:
    - serializedVersion: 3
      time: 0
      value: 0
      inSlope: 0
      outSlope: 0
      tangentMode: 34
      weightedMode: 0
      inWeight: 0
      outWeight: 0.33333334
    - serializedVersion: 3
      time: 1
      value: 0
      inSlope: 0
      outSlope: 0
      tangentMode: 34
      weightedMode: 0
      inWeight: 0.33333334
      outWeight: 0
    m_PreInfinity: 2
    m_PostInfinity: 2
    m_RotationOrder: 4
  jumpClip: {fileID: 8300000, guid: ff60aff27b6cf4aedaa5bc01ef91aa4e, type: 3}
  headCanvasAnim: {fileID: 2190182031771081099}
  groundCheckPoint: {fileID: 7479905728679650450}
  groundCheckDistance: 1
  runningSpeed: 6
  jumpForceY: 500
  isGrounded: 0
  isInPendulum: 0
  readyToJump: 0
  coroutineFromChild: 0
  jumpCounter: 0
  defaultChild: {fileID: 7479905727750249172}
  lastChild: {fileID: 7479905727750249172}
  followers: []
  velocity: {x: 0, y: 0, z: 0}
--- !u!136 &7479905729548198382
CapsuleCollider:
  m_ObjectHideFlags: 0
  m_CorrespondingSourceObject: {fileID: 0}
  m_PrefabInstance: {fileID: 0}
  m_PrefabAsset: {fileID: 0}
  m_GameObject: {fileID: 7479905729548198373}
  m_Material: {fileID: 13400000, guid: 7cf7bd93fe7ca4d05aad97028baec8f7, type: 2}
  m_IsTrigger: 0
  m_Enabled: 1
  m_Radius: 0.29757684
  m_Height: 2
  m_Direction: 1
  m_Center: {x: 0.20242316, y: 1, z: 0}
--- !u!1 &8015890890239735925
GameObject:
  m_ObjectHideFlags: 0
  m_CorrespondingSourceObject: {fileID: 0}
  m_PrefabInstance: {fileID: 0}
  m_PrefabAsset: {fileID: 0}
  serializedVersion: 6
  m_Component:
  - component: {fileID: 2918912399803016487}
  - component: {fileID: 5679005086498417781}
  - component: {fileID: 2458939614353990964}
  m_Layer: 5
  m_Name: Text (TMP)
  m_TagString: Untagged
  m_Icon: {fileID: 0}
  m_NavMeshLayer: 0
  m_StaticEditorFlags: 0
  m_IsActive: 1
--- !u!224 &2918912399803016487
RectTransform:
  m_ObjectHideFlags: 0
  m_CorrespondingSourceObject: {fileID: 0}
  m_PrefabInstance: {fileID: 0}
  m_PrefabAsset: {fileID: 0}
  m_GameObject: {fileID: 8015890890239735925}
  m_LocalRotation: {x: 0, y: 0, z: 0, w: 1}
  m_LocalPosition: {x: 0, y: 0, z: 0}
  m_LocalScale: {x: 0.02, y: 0.02, z: 1}
  m_Children: []
  m_Father: {fileID: 7597025641652813939}
  m_RootOrder: 0
  m_LocalEulerAnglesHint: {x: 0, y: 0, z: 0}
  m_AnchorMin: {x: 0.5, y: 0.5}
  m_AnchorMax: {x: 0.5, y: 0.5}
  m_AnchoredPosition: {x: 0, y: 0}
  m_SizeDelta: {x: 200, y: 50}
  m_Pivot: {x: 0.5, y: 0.5}
--- !u!222 &5679005086498417781
CanvasRenderer:
  m_ObjectHideFlags: 0
  m_CorrespondingSourceObject: {fileID: 0}
  m_PrefabInstance: {fileID: 0}
  m_PrefabAsset: {fileID: 0}
  m_GameObject: {fileID: 8015890890239735925}
  m_CullTransparentMesh: 1
--- !u!114 &2458939614353990964
MonoBehaviour:
  m_ObjectHideFlags: 0
  m_CorrespondingSourceObject: {fileID: 0}
  m_PrefabInstance: {fileID: 0}
  m_PrefabAsset: {fileID: 0}
  m_GameObject: {fileID: 8015890890239735925}
  m_Enabled: 1
  m_EditorHideFlags: 0
  m_Script: {fileID: 11500000, guid: f4688fdb7df04437aeb418b961361dc5, type: 3}
  m_Name: 
  m_EditorClassIdentifier: 
  m_Material: {fileID: 0}
  m_Color: {r: 1, g: 1, b: 1, a: 1}
  m_RaycastTarget: 1
  m_RaycastPadding: {x: 0, y: 0, z: 0, w: 0}
  m_Maskable: 1
  m_OnCullStateChanged:
    m_PersistentCalls:
      m_Calls: []
  m_text: +100 PTS
  m_isRightToLeft: 0
  m_fontAsset: {fileID: 11400000, guid: 2ff5810c6a845449e910f82d6eafc491, type: 2}
  m_sharedMaterial: {fileID: 1658874580780765296, guid: 2ff5810c6a845449e910f82d6eafc491, type: 2}
  m_fontSharedMaterials: []
  m_fontMaterial: {fileID: 0}
  m_fontMaterials: []
  m_fontColor32:
    serializedVersion: 2
    rgba: 4289052160
  m_fontColor: {r: 0, g: 0.74509805, b: 0.64835817, a: 1}
  m_enableVertexGradient: 0
  m_colorMode: 3
  m_fontColorGradient:
    topLeft: {r: 1, g: 1, b: 1, a: 1}
    topRight: {r: 1, g: 1, b: 1, a: 1}
    bottomLeft: {r: 1, g: 1, b: 1, a: 1}
    bottomRight: {r: 1, g: 1, b: 1, a: 1}
  m_fontColorGradientPreset: {fileID: 0}
  m_spriteAsset: {fileID: 0}
  m_tintAllSprites: 0
  m_StyleSheet: {fileID: 0}
  m_TextStyleHashCode: -1183493901
  m_overrideHtmlColors: 0
  m_faceColor:
    serializedVersion: 2
    rgba: 4294967295
  m_fontSize: 36
  m_fontSizeBase: 36
  m_fontWeight: 400
  m_enableAutoSizing: 0
  m_fontSizeMin: 18
  m_fontSizeMax: 72
  m_fontStyle: 0
  m_HorizontalAlignment: 2
  m_VerticalAlignment: 512
  m_textAlignment: 65535
  m_characterSpacing: 0
  m_wordSpacing: 0
  m_lineSpacing: 0
  m_lineSpacingMax: 0
  m_paragraphSpacing: 0
  m_charWidthMaxAdj: 0
  m_enableWordWrapping: 1
  m_wordWrappingRatios: 0.4
  m_overflowMode: 0
  m_linkedTextComponent: {fileID: 0}
  parentLinkedComponent: {fileID: 0}
  m_enableKerning: 1
  m_enableExtraPadding: 0
  checkPaddingRequired: 0
  m_isRichText: 1
  m_parseCtrlCharacters: 1
  m_isOrthographic: 1
  m_isCullingEnabled: 0
  m_horizontalMapping: 0
  m_verticalMapping: 0
  m_uvLineOffset: 0
  m_geometrySortingOrder: 0
  m_IsTextObjectScaleStatic: 0
  m_VertexBufferAutoSizeReduction: 0
  m_useMaxVisibleDescender: 1
  m_pageToDisplay: 1
  m_margin: {x: 0, y: 0, z: 0, w: 0}
  m_isUsingLegacyAnimationComponent: 0
  m_isVolumetricText: 0
  m_hasFontAssetChanged: 0
  m_baseMaterial: {fileID: 0}
  m_maskOffset: {x: 0, y: 0, z: 0, w: 0}
--- !u!1001 &7479905728903030062
PrefabInstance:
  m_ObjectHideFlags: 0
  serializedVersion: 2
  m_Modification:
    m_TransformParent: {fileID: 7479905728165190298}
    m_Modifications:
    - target: {fileID: -8774815827161140839, guid: f660eb03496104af49f37a3d187dc12c, type: 3}
      propertyPath: m_LocalRotation.w
      value: 0.9925754
      objectReference: {fileID: 0}
    - target: {fileID: -8774815827161140839, guid: f660eb03496104af49f37a3d187dc12c, type: 3}
      propertyPath: m_LocalRotation.x
      value: 0.12029318
      objectReference: {fileID: 0}
    - target: {fileID: -8774815827161140839, guid: f660eb03496104af49f37a3d187dc12c, type: 3}
      propertyPath: m_LocalRotation.y
      value: 0.00000028839597
      objectReference: {fileID: 0}
    - target: {fileID: -8774815827161140839, guid: f660eb03496104af49f37a3d187dc12c, type: 3}
      propertyPath: m_LocalRotation.z
      value: -0.017988296
      objectReference: {fileID: 0}
    - target: {fileID: -8679921383154817045, guid: f660eb03496104af49f37a3d187dc12c, type: 3}
      propertyPath: m_RootOrder
      value: 0
      objectReference: {fileID: 0}
    - target: {fileID: -8679921383154817045, guid: f660eb03496104af49f37a3d187dc12c, type: 3}
      propertyPath: m_LocalPosition.x
      value: 0
      objectReference: {fileID: 0}
    - target: {fileID: -8679921383154817045, guid: f660eb03496104af49f37a3d187dc12c, type: 3}
      propertyPath: m_LocalPosition.y
      value: 0
      objectReference: {fileID: 0}
    - target: {fileID: -8679921383154817045, guid: f660eb03496104af49f37a3d187dc12c, type: 3}
      propertyPath: m_LocalPosition.z
      value: 0
      objectReference: {fileID: 0}
    - target: {fileID: -8679921383154817045, guid: f660eb03496104af49f37a3d187dc12c, type: 3}
      propertyPath: m_LocalRotation.w
      value: 1
      objectReference: {fileID: 0}
    - target: {fileID: -8679921383154817045, guid: f660eb03496104af49f37a3d187dc12c, type: 3}
      propertyPath: m_LocalRotation.x
      value: -0
      objectReference: {fileID: 0}
    - target: {fileID: -8679921383154817045, guid: f660eb03496104af49f37a3d187dc12c, type: 3}
      propertyPath: m_LocalRotation.y
      value: -0
      objectReference: {fileID: 0}
    - target: {fileID: -8679921383154817045, guid: f660eb03496104af49f37a3d187dc12c, type: 3}
      propertyPath: m_LocalRotation.z
      value: -0
      objectReference: {fileID: 0}
    - target: {fileID: -8679921383154817045, guid: f660eb03496104af49f37a3d187dc12c, type: 3}
      propertyPath: m_LocalEulerAnglesHint.x
      value: 0
      objectReference: {fileID: 0}
    - target: {fileID: -8679921383154817045, guid: f660eb03496104af49f37a3d187dc12c, type: 3}
      propertyPath: m_LocalEulerAnglesHint.y
      value: 0
      objectReference: {fileID: 0}
    - target: {fileID: -8679921383154817045, guid: f660eb03496104af49f37a3d187dc12c, type: 3}
      propertyPath: m_LocalEulerAnglesHint.z
      value: 0
      objectReference: {fileID: 0}
    - target: {fileID: -8358673644906276108, guid: f660eb03496104af49f37a3d187dc12c, type: 3}
      propertyPath: m_LocalRotation.w
      value: 0.9864121
      objectReference: {fileID: 0}
    - target: {fileID: -8358673644906276108, guid: f660eb03496104af49f37a3d187dc12c, type: 3}
      propertyPath: m_LocalRotation.x
      value: 0.0986647
      objectReference: {fileID: 0}
    - target: {fileID: -8358673644906276108, guid: f660eb03496104af49f37a3d187dc12c, type: 3}
      propertyPath: m_LocalRotation.y
      value: 0.047401544
      objectReference: {fileID: 0}
    - target: {fileID: -8358673644906276108, guid: f660eb03496104af49f37a3d187dc12c, type: 3}
      propertyPath: m_LocalRotation.z
      value: 0.12251356
      objectReference: {fileID: 0}
    - target: {fileID: -8215217846834182627, guid: f660eb03496104af49f37a3d187dc12c, type: 3}
      propertyPath: m_LocalRotation.w
      value: 0.9433939
      objectReference: {fileID: 0}
    - target: {fileID: -8215217846834182627, guid: f660eb03496104af49f37a3d187dc12c, type: 3}
      propertyPath: m_LocalRotation.x
      value: 0.33039433
      objectReference: {fileID: 0}
    - target: {fileID: -8215217846834182627, guid: f660eb03496104af49f37a3d187dc12c, type: 3}
      propertyPath: m_LocalRotation.y
      value: 0.027700223
      objectReference: {fileID: 0}
    - target: {fileID: -8215217846834182627, guid: f660eb03496104af49f37a3d187dc12c, type: 3}
      propertyPath: m_LocalRotation.z
      value: -0.008961217
      objectReference: {fileID: 0}
    - target: {fileID: -7485685980276716864, guid: f660eb03496104af49f37a3d187dc12c, type: 3}
      propertyPath: m_LocalRotation.w
      value: 0.98492956
      objectReference: {fileID: 0}
    - target: {fileID: -7485685980276716864, guid: f660eb03496104af49f37a3d187dc12c, type: 3}
      propertyPath: m_LocalRotation.x
      value: 0.17102893
      objectReference: {fileID: 0}
    - target: {fileID: -7485685980276716864, guid: f660eb03496104af49f37a3d187dc12c, type: 3}
      propertyPath: m_LocalRotation.y
      value: -0.0000760089
      objectReference: {fileID: 0}
    - target: {fileID: -7485685980276716864, guid: f660eb03496104af49f37a3d187dc12c, type: 3}
      propertyPath: m_LocalRotation.z
      value: -0.025748324
      objectReference: {fileID: 0}
    - target: {fileID: -7401397496843605887, guid: f660eb03496104af49f37a3d187dc12c, type: 3}
      propertyPath: m_LocalRotation.w
      value: 0.9215797
      objectReference: {fileID: 0}
    - target: {fileID: -7401397496843605887, guid: f660eb03496104af49f37a3d187dc12c, type: 3}
      propertyPath: m_LocalRotation.x
      value: 0.3868544
      objectReference: {fileID: 0}
    - target: {fileID: -7401397496843605887, guid: f660eb03496104af49f37a3d187dc12c, type: 3}
      propertyPath: m_LocalRotation.y
      value: 0.02969314
      objectReference: {fileID: 0}
    - target: {fileID: -7401397496843605887, guid: f660eb03496104af49f37a3d187dc12c, type: 3}
      propertyPath: m_LocalRotation.z
      value: -0.012361891
      objectReference: {fileID: 0}
    - target: {fileID: -7393216509368664199, guid: f660eb03496104af49f37a3d187dc12c, type: 3}
      propertyPath: m_LocalRotation.w
      value: 0.9766681
      objectReference: {fileID: 0}
    - target: {fileID: -7393216509368664199, guid: f660eb03496104af49f37a3d187dc12c, type: 3}
      propertyPath: m_LocalRotation.x
      value: 0.21300131
      objectReference: {fileID: 0}
    - target: {fileID: -7393216509368664199, guid: f660eb03496104af49f37a3d187dc12c, type: 3}
      propertyPath: m_LocalRotation.y
      value: 0.00005756903
      objectReference: {fileID: 0}
    - target: {fileID: -7393216509368664199, guid: f660eb03496104af49f37a3d187dc12c, type: 3}
      propertyPath: m_LocalRotation.z
      value: -0.027384711
      objectReference: {fileID: 0}
    - target: {fileID: -7196787925477669444, guid: f660eb03496104af49f37a3d187dc12c, type: 3}
      propertyPath: m_LocalRotation.w
      value: 0.99999875
      objectReference: {fileID: 0}
    - target: {fileID: -7196787925477669444, guid: f660eb03496104af49f37a3d187dc12c, type: 3}
      propertyPath: m_LocalRotation.x
      value: 0.00000008463281
      objectReference: {fileID: 0}
    - target: {fileID: -7196787925477669444, guid: f660eb03496104af49f37a3d187dc12c, type: 3}
      propertyPath: m_LocalRotation.y
      value: 0.000008033633
      objectReference: {fileID: 0}
    - target: {fileID: -7196787925477669444, guid: f660eb03496104af49f37a3d187dc12c, type: 3}
      propertyPath: m_LocalRotation.z
      value: -0.001595512
      objectReference: {fileID: 0}
    - target: {fileID: -7129418598644582595, guid: f660eb03496104af49f37a3d187dc12c, type: 3}
      propertyPath: m_LocalRotation.w
      value: 0.99551815
      objectReference: {fileID: 0}
    - target: {fileID: -7129418598644582595, guid: f660eb03496104af49f37a3d187dc12c, type: 3}
      propertyPath: m_LocalRotation.x
      value: 0.09366437
      objectReference: {fileID: 0}
    - target: {fileID: -7129418598644582595, guid: f660eb03496104af49f37a3d187dc12c, type: 3}
      propertyPath: m_LocalRotation.y
      value: 0.00020258299
      objectReference: {fileID: 0}
    - target: {fileID: -7129418598644582595, guid: f660eb03496104af49f37a3d187dc12c, type: 3}
      propertyPath: m_LocalRotation.z
      value: 0.013064187
      objectReference: {fileID: 0}
    - target: {fileID: -6199165168437336651, guid: f660eb03496104af49f37a3d187dc12c, type: 3}
      propertyPath: m_LocalRotation.w
      value: 0.98727745
      objectReference: {fileID: 0}
    - target: {fileID: -6199165168437336651, guid: f660eb03496104af49f37a3d187dc12c, type: 3}
      propertyPath: m_LocalRotation.x
      value: 0.15039514
      objectReference: {fileID: 0}
    - target: {fileID: -6199165168437336651, guid: f660eb03496104af49f37a3d187dc12c, type: 3}
      propertyPath: m_LocalRotation.y
      value: 0.0065835817
      objectReference: {fileID: 0}
    - target: {fileID: -6199165168437336651, guid: f660eb03496104af49f37a3d187dc12c, type: 3}
      propertyPath: m_LocalRotation.z
      value: 0.051197745
      objectReference: {fileID: 0}
    - target: {fileID: -5241082291492999395, guid: f660eb03496104af49f37a3d187dc12c, type: 3}
      propertyPath: m_LocalRotation.w
      value: 0.97993046
      objectReference: {fileID: 0}
    - target: {fileID: -5241082291492999395, guid: f660eb03496104af49f37a3d187dc12c, type: 3}
      propertyPath: m_LocalRotation.x
      value: 0.034453835
      objectReference: {fileID: 0}
    - target: {fileID: -5241082291492999395, guid: f660eb03496104af49f37a3d187dc12c, type: 3}
      propertyPath: m_LocalRotation.y
      value: -0.022792095
      objectReference: {fileID: 0}
    - target: {fileID: -5241082291492999395, guid: f660eb03496104af49f37a3d187dc12c, type: 3}
      propertyPath: m_LocalRotation.z
      value: -0.19501229
      objectReference: {fileID: 0}
    - target: {fileID: -4542590316024576451, guid: f660eb03496104af49f37a3d187dc12c, type: 3}
      propertyPath: m_LocalRotation.w
      value: 0.9974907
      objectReference: {fileID: 0}
    - target: {fileID: -4542590316024576451, guid: f660eb03496104af49f37a3d187dc12c, type: 3}
      propertyPath: m_LocalRotation.x
      value: 0.0699817
      objectReference: {fileID: 0}
    - target: {fileID: -4542590316024576451, guid: f660eb03496104af49f37a3d187dc12c, type: 3}
      propertyPath: m_LocalRotation.y
      value: -0.000012652765
      objectReference: {fileID: 0}
    - target: {fileID: -4542590316024576451, guid: f660eb03496104af49f37a3d187dc12c, type: 3}
      propertyPath: m_LocalRotation.z
      value: -0.01071869
      objectReference: {fileID: 0}
    - target: {fileID: -4031644905299287516, guid: f660eb03496104af49f37a3d187dc12c, type: 3}
      propertyPath: m_LocalRotation.w
      value: -0.12030234
      objectReference: {fileID: 0}
    - target: {fileID: -4031644905299287516, guid: f660eb03496104af49f37a3d187dc12c, type: 3}
      propertyPath: m_LocalRotation.x
      value: 0.1971651
      objectReference: {fileID: 0}
    - target: {fileID: -4031644905299287516, guid: f660eb03496104af49f37a3d187dc12c, type: 3}
      propertyPath: m_LocalRotation.y
      value: 0.1669213
      objectReference: {fileID: 0}
    - target: {fileID: -4031644905299287516, guid: f660eb03496104af49f37a3d187dc12c, type: 3}
      propertyPath: m_LocalRotation.z
      value: 0.9585356
      objectReference: {fileID: 0}
    - target: {fileID: -3990839533145926879, guid: f660eb03496104af49f37a3d187dc12c, type: 3}
      propertyPath: m_LocalRotation.w
      value: 0.9989012
      objectReference: {fileID: 0}
    - target: {fileID: -3990839533145926879, guid: f660eb03496104af49f37a3d187dc12c, type: 3}
      propertyPath: m_LocalRotation.x
      value: 0.046054244
      objectReference: {fileID: 0}
    - target: {fileID: -3990839533145926879, guid: f660eb03496104af49f37a3d187dc12c, type: 3}
      propertyPath: m_LocalRotation.y
      value: 0.0000859255
      objectReference: {fileID: 0}
    - target: {fileID: -3990839533145926879, guid: f660eb03496104af49f37a3d187dc12c, type: 3}
      propertyPath: m_LocalRotation.z
      value: -0.008686838
      objectReference: {fileID: 0}
    - target: {fileID: -3986051678484785629, guid: f660eb03496104af49f37a3d187dc12c, type: 3}
      propertyPath: m_LocalRotation.w
      value: 0.99885505
      objectReference: {fileID: 0}
    - target: {fileID: -3986051678484785629, guid: f660eb03496104af49f37a3d187dc12c, type: 3}
      propertyPath: m_LocalRotation.x
      value: 0.047401533
      objectReference: {fileID: 0}
    - target: {fileID: -3986051678484785629, guid: f660eb03496104af49f37a3d187dc12c, type: 3}
      propertyPath: m_LocalRotation.y
      value: -0.00004010794
      objectReference: {fileID: 0}
    - target: {fileID: -3986051678484785629, guid: f660eb03496104af49f37a3d187dc12c, type: 3}
      propertyPath: m_LocalRotation.z
      value: -0.006461019
      objectReference: {fileID: 0}
    - target: {fileID: -3934989324307911065, guid: f660eb03496104af49f37a3d187dc12c, type: 3}
      propertyPath: m_LocalRotation.w
      value: 0.9444823
      objectReference: {fileID: 0}
    - target: {fileID: -3934989324307911065, guid: f660eb03496104af49f37a3d187dc12c, type: 3}
      propertyPath: m_LocalRotation.x
      value: 0.32750097
      objectReference: {fileID: 0}
    - target: {fileID: -3934989324307911065, guid: f660eb03496104af49f37a3d187dc12c, type: 3}
      propertyPath: m_LocalRotation.y
      value: -0.023397444
      objectReference: {fileID: 0}
    - target: {fileID: -3934989324307911065, guid: f660eb03496104af49f37a3d187dc12c, type: 3}
      propertyPath: m_LocalRotation.z
      value: -0.012202241
      objectReference: {fileID: 0}
    - target: {fileID: -3664463172144922787, guid: f660eb03496104af49f37a3d187dc12c, type: 3}
      propertyPath: m_Materials.Array.data[0]
      value: 
      objectReference: {fileID: 2100000, guid: 23ceaa47b62e344809b95b70f8816aa1, type: 2}
    - target: {fileID: -3539740031763295000, guid: f660eb03496104af49f37a3d187dc12c, type: 3}
      propertyPath: m_LocalRotation.w
      value: 0.9564841
      objectReference: {fileID: 0}
    - target: {fileID: -3539740031763295000, guid: f660eb03496104af49f37a3d187dc12c, type: 3}
      propertyPath: m_LocalRotation.x
      value: 0.2880503
      objectReference: {fileID: 0}
    - target: {fileID: -3539740031763295000, guid: f660eb03496104af49f37a3d187dc12c, type: 3}
      propertyPath: m_LocalRotation.y
      value: -0.00017799513
      objectReference: {fileID: 0}
    - target: {fileID: -3539740031763295000, guid: f660eb03496104af49f37a3d187dc12c, type: 3}
      propertyPath: m_LocalRotation.z
      value: -0.046531923
      objectReference: {fileID: 0}
    - target: {fileID: -3478204928309119527, guid: f660eb03496104af49f37a3d187dc12c, type: 3}
      propertyPath: m_LocalRotation.w
      value: 0.94318396
      objectReference: {fileID: 0}
    - target: {fileID: -3478204928309119527, guid: f660eb03496104af49f37a3d187dc12c, type: 3}
      propertyPath: m_LocalRotation.x
      value: 0.10353906
      objectReference: {fileID: 0}
    - target: {fileID: -3478204928309119527, guid: f660eb03496104af49f37a3d187dc12c, type: 3}
      propertyPath: m_LocalRotation.y
      value: -0.1498707
      objectReference: {fileID: 0}
    - target: {fileID: -3478204928309119527, guid: f660eb03496104af49f37a3d187dc12c, type: 3}
      propertyPath: m_LocalRotation.z
      value: -0.27788937
      objectReference: {fileID: 0}
    - target: {fileID: -3436118426380644060, guid: f660eb03496104af49f37a3d187dc12c, type: 3}
      propertyPath: m_LocalRotation.w
      value: 0.8702441
      objectReference: {fileID: 0}
    - target: {fileID: -3436118426380644060, guid: f660eb03496104af49f37a3d187dc12c, type: 3}
      propertyPath: m_LocalRotation.x
      value: 0.49152285
      objectReference: {fileID: 0}
    - target: {fileID: -3436118426380644060, guid: f660eb03496104af49f37a3d187dc12c, type: 3}
      propertyPath: m_LocalRotation.y
      value: -0.02911616
      objectReference: {fileID: 0}
    - target: {fileID: -3436118426380644060, guid: f660eb03496104af49f37a3d187dc12c, type: 3}
      propertyPath: m_LocalRotation.z
      value: 0.015256573
      objectReference: {fileID: 0}
    - target: {fileID: -2834137435390859983, guid: f660eb03496104af49f37a3d187dc12c, type: 3}
      propertyPath: m_LocalRotation.w
      value: 0.30687502
      objectReference: {fileID: 0}
    - target: {fileID: -2834137435390859983, guid: f660eb03496104af49f37a3d187dc12c, type: 3}
      propertyPath: m_LocalRotation.x
      value: 0.63815665
      objectReference: {fileID: 0}
    - target: {fileID: -2834137435390859983, guid: f660eb03496104af49f37a3d187dc12c, type: 3}
      propertyPath: m_LocalRotation.y
      value: -0.3307831
      objectReference: {fileID: 0}
    - target: {fileID: -2834137435390859983, guid: f660eb03496104af49f37a3d187dc12c, type: 3}
      propertyPath: m_LocalRotation.z
      value: 0.623832
      objectReference: {fileID: 0}
    - target: {fileID: -2409651164566658339, guid: f660eb03496104af49f37a3d187dc12c, type: 3}
      propertyPath: m_LocalRotation.w
      value: 0.9734583
      objectReference: {fileID: 0}
    - target: {fileID: -2409651164566658339, guid: f660eb03496104af49f37a3d187dc12c, type: 3}
      propertyPath: m_LocalRotation.x
      value: 0.22865196
      objectReference: {fileID: 0}
    - target: {fileID: -2409651164566658339, guid: f660eb03496104af49f37a3d187dc12c, type: 3}
      propertyPath: m_LocalRotation.y
      value: -0.008112129
      objectReference: {fileID: 0}
    - target: {fileID: -2409651164566658339, guid: f660eb03496104af49f37a3d187dc12c, type: 3}
      propertyPath: m_LocalRotation.z
      value: -0.0056073866
      objectReference: {fileID: 0}
    - target: {fileID: -2178951807013924116, guid: f660eb03496104af49f37a3d187dc12c, type: 3}
      propertyPath: m_LocalRotation.w
      value: 0.9980351
      objectReference: {fileID: 0}
    - target: {fileID: -2178951807013924116, guid: f660eb03496104af49f37a3d187dc12c, type: 3}
      propertyPath: m_LocalRotation.x
      value: -0.028208273
      objectReference: {fileID: 0}
    - target: {fileID: -2178951807013924116, guid: f660eb03496104af49f37a3d187dc12c, type: 3}
      propertyPath: m_LocalRotation.y
      value: 0.0054224376
      objectReference: {fileID: 0}
    - target: {fileID: -2178951807013924116, guid: f660eb03496104af49f37a3d187dc12c, type: 3}
      propertyPath: m_LocalRotation.z
      value: 0.055686064
      objectReference: {fileID: 0}
    - target: {fileID: -1950362218012619841, guid: f660eb03496104af49f37a3d187dc12c, type: 3}
      propertyPath: m_LocalRotation.w
      value: 0.7584937
      objectReference: {fileID: 0}
    - target: {fileID: -1950362218012619841, guid: f660eb03496104af49f37a3d187dc12c, type: 3}
      propertyPath: m_LocalRotation.x
      value: -0.6507741
      objectReference: {fileID: 0}
    - target: {fileID: -1950362218012619841, guid: f660eb03496104af49f37a3d187dc12c, type: 3}
      propertyPath: m_LocalRotation.y
      value: -0.028260604
      objectReference: {fileID: 0}
    - target: {fileID: -1950362218012619841, guid: f660eb03496104af49f37a3d187dc12c, type: 3}
      propertyPath: m_LocalRotation.z
      value: 0.019537723
      objectReference: {fileID: 0}
    - target: {fileID: -1609743622325405786, guid: f660eb03496104af49f37a3d187dc12c, type: 3}
      propertyPath: m_LocalRotation.w
      value: 0.99764925
      objectReference: {fileID: 0}
    - target: {fileID: -1609743622325405786, guid: f660eb03496104af49f37a3d187dc12c, type: 3}
      propertyPath: m_LocalRotation.x
      value: 0.058863543
      objectReference: {fileID: 0}
    - target: {fileID: -1609743622325405786, guid: f660eb03496104af49f37a3d187dc12c, type: 3}
      propertyPath: m_LocalRotation.y
      value: -0.030911257
      objectReference: {fileID: 0}
    - target: {fileID: -1609743622325405786, guid: f660eb03496104af49f37a3d187dc12c, type: 3}
      propertyPath: m_LocalRotation.z
      value: 0.016601367
      objectReference: {fileID: 0}
    - target: {fileID: -1434551515948088365, guid: f660eb03496104af49f37a3d187dc12c, type: 3}
      propertyPath: m_LocalRotation.w
      value: 0.90965205
      objectReference: {fileID: 0}
    - target: {fileID: -1434551515948088365, guid: f660eb03496104af49f37a3d187dc12c, type: 3}
      propertyPath: m_LocalRotation.x
      value: 0.043447517
      objectReference: {fileID: 0}
    - target: {fileID: -1434551515948088365, guid: f660eb03496104af49f37a3d187dc12c, type: 3}
      propertyPath: m_LocalRotation.y
      value: 0.00043814036
      objectReference: {fileID: 0}
    - target: {fileID: -1434551515948088365, guid: f660eb03496104af49f37a3d187dc12c, type: 3}
      propertyPath: m_LocalRotation.z
      value: 0.4130925
      objectReference: {fileID: 0}
    - target: {fileID: -1153736229902708842, guid: f660eb03496104af49f37a3d187dc12c, type: 3}
      propertyPath: m_LocalRotation.w
      value: 0.99394155
      objectReference: {fileID: 0}
    - target: {fileID: -1153736229902708842, guid: f660eb03496104af49f37a3d187dc12c, type: 3}
      propertyPath: m_LocalRotation.x
      value: 0.09364899
      objectReference: {fileID: 0}
    - target: {fileID: -1153736229902708842, guid: f660eb03496104af49f37a3d187dc12c, type: 3}
      propertyPath: m_LocalRotation.y
      value: -0.030771399
      objectReference: {fileID: 0}
    - target: {fileID: -1153736229902708842, guid: f660eb03496104af49f37a3d187dc12c, type: 3}
      propertyPath: m_LocalRotation.z
      value: 0.04861333
      objectReference: {fileID: 0}
    - target: {fileID: -1078758560252129606, guid: f660eb03496104af49f37a3d187dc12c, type: 3}
      propertyPath: m_LocalRotation.w
      value: 0.9917027
      objectReference: {fileID: 0}
    - target: {fileID: -1078758560252129606, guid: f660eb03496104af49f37a3d187dc12c, type: 3}
      propertyPath: m_LocalRotation.x
      value: -0.12854712
      objectReference: {fileID: 0}
    - target: {fileID: -1078758560252129606, guid: f660eb03496104af49f37a3d187dc12c, type: 3}
      propertyPath: m_LocalRotation.y
      value: 0.0012241161
      objectReference: {fileID: 0}
    - target: {fileID: -1078758560252129606, guid: f660eb03496104af49f37a3d187dc12c, type: 3}
      propertyPath: m_LocalRotation.z
      value: 0.00012210118
      objectReference: {fileID: 0}
    - target: {fileID: -985563950371248812, guid: f660eb03496104af49f37a3d187dc12c, type: 3}
      propertyPath: m_LocalRotation.w
      value: 0.9988899
      objectReference: {fileID: 0}
    - target: {fileID: -985563950371248812, guid: f660eb03496104af49f37a3d187dc12c, type: 3}
      propertyPath: m_LocalRotation.x
      value: 0.046596814
      objectReference: {fileID: 0}
    - target: {fileID: -985563950371248812, guid: f660eb03496104af49f37a3d187dc12c, type: 3}
      propertyPath: m_LocalRotation.y
      value: 0.00021346717
      objectReference: {fileID: 0}
    - target: {fileID: -985563950371248812, guid: f660eb03496104af49f37a3d187dc12c, type: 3}
      propertyPath: m_LocalRotation.z
      value: 0.006901894
      objectReference: {fileID: 0}
    - target: {fileID: -457371407210619152, guid: f660eb03496104af49f37a3d187dc12c, type: 3}
      propertyPath: m_LocalRotation.w
      value: 0.9691
      objectReference: {fileID: 0}
    - target: {fileID: -457371407210619152, guid: f660eb03496104af49f37a3d187dc12c, type: 3}
      propertyPath: m_LocalRotation.x
      value: 0.24421972
      objectReference: {fileID: 0}
    - target: {fileID: -457371407210619152, guid: f660eb03496104af49f37a3d187dc12c, type: 3}
      propertyPath: m_LocalRotation.y
      value: 0.0001526991
      objectReference: {fileID: 0}
    - target: {fileID: -457371407210619152, guid: f660eb03496104af49f37a3d187dc12c, type: 3}
      propertyPath: m_LocalRotation.z
      value: 0.03466991
      objectReference: {fileID: 0}
    - target: {fileID: -184746016751948121, guid: f660eb03496104af49f37a3d187dc12c, type: 3}
      propertyPath: m_LocalRotation.w
      value: 0.8169919
      objectReference: {fileID: 0}
    - target: {fileID: -184746016751948121, guid: f660eb03496104af49f37a3d187dc12c, type: 3}
      propertyPath: m_LocalRotation.x
      value: 0.57341444
      objectReference: {fileID: 0}
    - target: {fileID: -184746016751948121, guid: f660eb03496104af49f37a3d187dc12c, type: 3}
      propertyPath: m_LocalRotation.y
      value: -0.0072355876
      objectReference: {fileID: 0}
    - target: {fileID: -184746016751948121, guid: f660eb03496104af49f37a3d187dc12c, type: 3}
      propertyPath: m_LocalRotation.z
      value: -0.060562614
      objectReference: {fileID: 0}
    - target: {fileID: 217362444090914633, guid: f660eb03496104af49f37a3d187dc12c, type: 3}
      propertyPath: m_LocalRotation.w
      value: 0.9892844
      objectReference: {fileID: 0}
    - target: {fileID: 217362444090914633, guid: f660eb03496104af49f37a3d187dc12c, type: 3}
      propertyPath: m_LocalRotation.x
      value: -0.11971917
      objectReference: {fileID: 0}
    - target: {fileID: 217362444090914633, guid: f660eb03496104af49f37a3d187dc12c, type: 3}
      propertyPath: m_LocalRotation.y
      value: 0.054045115
      objectReference: {fileID: 0}
    - target: {fileID: 217362444090914633, guid: f660eb03496104af49f37a3d187dc12c, type: 3}
      propertyPath: m_LocalRotation.z
      value: -0.063740894
      objectReference: {fileID: 0}
    - target: {fileID: 323650736630283730, guid: f660eb03496104af49f37a3d187dc12c, type: 3}
      propertyPath: m_LocalRotation.w
      value: 0.9776306
      objectReference: {fileID: 0}
    - target: {fileID: 323650736630283730, guid: f660eb03496104af49f37a3d187dc12c, type: 3}
      propertyPath: m_LocalRotation.x
      value: 0.20190817
      objectReference: {fileID: 0}
    - target: {fileID: 323650736630283730, guid: f660eb03496104af49f37a3d187dc12c, type: 3}
      propertyPath: m_LocalRotation.y
      value: -0.008533908
      objectReference: {fileID: 0}
    - target: {fileID: 323650736630283730, guid: f660eb03496104af49f37a3d187dc12c, type: 3}
      propertyPath: m_LocalRotation.z
      value: -0.058298703
      objectReference: {fileID: 0}
    - target: {fileID: 475535294537525121, guid: f660eb03496104af49f37a3d187dc12c, type: 3}
      propertyPath: m_LocalRotation.w
      value: 0.3569791
      objectReference: {fileID: 0}
    - target: {fileID: 475535294537525121, guid: f660eb03496104af49f37a3d187dc12c, type: 3}
      propertyPath: m_LocalRotation.x
      value: 0.69089943
      objectReference: {fileID: 0}
    - target: {fileID: 475535294537525121, guid: f660eb03496104af49f37a3d187dc12c, type: 3}
      propertyPath: m_LocalRotation.y
      value: 0.3159841
      objectReference: {fileID: 0}
    - target: {fileID: 475535294537525121, guid: f660eb03496104af49f37a3d187dc12c, type: 3}
      propertyPath: m_LocalRotation.z
      value: -0.54348683
      objectReference: {fileID: 0}
    - target: {fileID: 506717764123923106, guid: f660eb03496104af49f37a3d187dc12c, type: 3}
      propertyPath: m_LocalRotation.w
      value: 0.9772323
      objectReference: {fileID: 0}
    - target: {fileID: 506717764123923106, guid: f660eb03496104af49f37a3d187dc12c, type: 3}
      propertyPath: m_LocalRotation.x
      value: -0.08456048
      objectReference: {fileID: 0}
    - target: {fileID: 506717764123923106, guid: f660eb03496104af49f37a3d187dc12c, type: 3}
      propertyPath: m_LocalRotation.y
      value: -0.17854182
      objectReference: {fileID: 0}
    - target: {fileID: 506717764123923106, guid: f660eb03496104af49f37a3d187dc12c, type: 3}
      propertyPath: m_LocalRotation.z
      value: 0.07739189
      objectReference: {fileID: 0}
    - target: {fileID: 919132149155446097, guid: f660eb03496104af49f37a3d187dc12c, type: 3}
      propertyPath: m_Name
      value: CharacterRig
      objectReference: {fileID: 0}
    - target: {fileID: 1202425275492515556, guid: f660eb03496104af49f37a3d187dc12c, type: 3}
      propertyPath: m_Materials.Array.data[0]
      value: 
      objectReference: {fileID: 0}
    - target: {fileID: 1298219135262923203, guid: f660eb03496104af49f37a3d187dc12c, type: 3}
      propertyPath: m_LocalRotation.w
      value: 0.9848539
      objectReference: {fileID: 0}
    - target: {fileID: 1298219135262923203, guid: f660eb03496104af49f37a3d187dc12c, type: 3}
      propertyPath: m_LocalRotation.x
      value: 0.013495386
      objectReference: {fileID: 0}
    - target: {fileID: 1298219135262923203, guid: f660eb03496104af49f37a3d187dc12c, type: 3}
      propertyPath: m_LocalRotation.y
      value: 0.040504545
      objectReference: {fileID: 0}
    - target: {fileID: 1298219135262923203, guid: f660eb03496104af49f37a3d187dc12c, type: 3}
      propertyPath: m_LocalRotation.z
      value: 0.16804755
      objectReference: {fileID: 0}
    - target: {fileID: 1481081095835631982, guid: f660eb03496104af49f37a3d187dc12c, type: 3}
      propertyPath: m_LocalRotation.w
      value: 0.9177667
      objectReference: {fileID: 0}
    - target: {fileID: 1481081095835631982, guid: f660eb03496104af49f37a3d187dc12c, type: 3}
      propertyPath: m_LocalRotation.x
      value: 0.39608154
      objectReference: {fileID: 0}
    - target: {fileID: 1481081095835631982, guid: f660eb03496104af49f37a3d187dc12c, type: 3}
      propertyPath: m_LocalRotation.y
      value: 0.02262901
      objectReference: {fileID: 0}
    - target: {fileID: 1481081095835631982, guid: f660eb03496104af49f37a3d187dc12c, type: 3}
      propertyPath: m_LocalRotation.z
      value: 0.017653931
      objectReference: {fileID: 0}
    - target: {fileID: 1564967089014587475, guid: f660eb03496104af49f37a3d187dc12c, type: 3}
      propertyPath: m_LocalRotation.w
      value: 0.97849476
      objectReference: {fileID: 0}
    - target: {fileID: 1564967089014587475, guid: f660eb03496104af49f37a3d187dc12c, type: 3}
      propertyPath: m_LocalRotation.x
      value: 0.2035991
      objectReference: {fileID: 0}
    - target: {fileID: 1564967089014587475, guid: f660eb03496104af49f37a3d187dc12c, type: 3}
      propertyPath: m_LocalRotation.y
      value: 0.019672226
      objectReference: {fileID: 0}
    - target: {fileID: 1564967089014587475, guid: f660eb03496104af49f37a3d187dc12c, type: 3}
      propertyPath: m_LocalRotation.z
      value: 0.026615953
      objectReference: {fileID: 0}
    - target: {fileID: 2632830707038128492, guid: f660eb03496104af49f37a3d187dc12c, type: 3}
      propertyPath: m_IsActive
      value: 0
      objectReference: {fileID: 0}
    - target: {fileID: 3129867266196355806, guid: f660eb03496104af49f37a3d187dc12c, type: 3}
      propertyPath: m_LocalRotation.w
      value: 0.93507504
      objectReference: {fileID: 0}
    - target: {fileID: 3129867266196355806, guid: f660eb03496104af49f37a3d187dc12c, type: 3}
      propertyPath: m_LocalRotation.x
      value: -0.062421363
      objectReference: {fileID: 0}
    - target: {fileID: 3129867266196355806, guid: f660eb03496104af49f37a3d187dc12c, type: 3}
      propertyPath: m_LocalRotation.y
      value: -0.33746183
      objectReference: {fileID: 0}
    - target: {fileID: 3129867266196355806, guid: f660eb03496104af49f37a3d187dc12c, type: 3}
      propertyPath: m_LocalRotation.z
      value: 0.08864463
      objectReference: {fileID: 0}
    - target: {fileID: 3230013884265802257, guid: f660eb03496104af49f37a3d187dc12c, type: 3}
      propertyPath: m_LocalRotation.w
      value: 0.94973195
      objectReference: {fileID: 0}
    - target: {fileID: 3230013884265802257, guid: f660eb03496104af49f37a3d187dc12c, type: 3}
      propertyPath: m_LocalRotation.x
      value: 0.2728573
      objectReference: {fileID: 0}
    - target: {fileID: 3230013884265802257, guid: f660eb03496104af49f37a3d187dc12c, type: 3}
      propertyPath: m_LocalRotation.y
      value: 0.13610494
      objectReference: {fileID: 0}
    - target: {fileID: 3230013884265802257, guid: f660eb03496104af49f37a3d187dc12c, type: 3}
      propertyPath: m_LocalRotation.z
      value: -0.07094743
      objectReference: {fileID: 0}
    - target: {fileID: 3650889447048806081, guid: f660eb03496104af49f37a3d187dc12c, type: 3}
      propertyPath: m_LocalRotation.w
      value: 0.6064045
      objectReference: {fileID: 0}
    - target: {fileID: 3650889447048806081, guid: f660eb03496104af49f37a3d187dc12c, type: 3}
      propertyPath: m_LocalRotation.x
      value: 0.7930107
      objectReference: {fileID: 0}
    - target: {fileID: 3650889447048806081, guid: f660eb03496104af49f37a3d187dc12c, type: 3}
      propertyPath: m_LocalRotation.y
      value: 0.014132264
      objectReference: {fileID: 0}
    - target: {fileID: 3650889447048806081, guid: f660eb03496104af49f37a3d187dc12c, type: 3}
      propertyPath: m_LocalRotation.z
      value: 0.056638602
      objectReference: {fileID: 0}
    - target: {fileID: 4115702347862863914, guid: f660eb03496104af49f37a3d187dc12c, type: 3}
      propertyPath: m_LocalRotation.w
      value: 0.9738439
      objectReference: {fileID: 0}
    - target: {fileID: 4115702347862863914, guid: f660eb03496104af49f37a3d187dc12c, type: 3}
      propertyPath: m_LocalRotation.x
      value: 0.22511841
      objectReference: {fileID: 0}
    - target: {fileID: 4115702347862863914, guid: f660eb03496104af49f37a3d187dc12c, type: 3}
      propertyPath: m_LocalRotation.y
      value: 0.000005702501
      objectReference: {fileID: 0}
    - target: {fileID: 4115702347862863914, guid: f660eb03496104af49f37a3d187dc12c, type: 3}
      propertyPath: m_LocalRotation.z
      value: 0.03082049
      objectReference: {fileID: 0}
    - target: {fileID: 4456298939499060856, guid: f660eb03496104af49f37a3d187dc12c, type: 3}
      propertyPath: m_LocalRotation.w
      value: 0.9826528
      objectReference: {fileID: 0}
    - target: {fileID: 4456298939499060856, guid: f660eb03496104af49f37a3d187dc12c, type: 3}
      propertyPath: m_LocalRotation.x
      value: 0.18214913
      objectReference: {fileID: 0}
    - target: {fileID: 4456298939499060856, guid: f660eb03496104af49f37a3d187dc12c, type: 3}
      propertyPath: m_LocalRotation.y
      value: -0.016654845
      objectReference: {fileID: 0}
    - target: {fileID: 4456298939499060856, guid: f660eb03496104af49f37a3d187dc12c, type: 3}
      propertyPath: m_LocalRotation.z
      value: -0.030625097
      objectReference: {fileID: 0}
    - target: {fileID: 4744892548748919842, guid: f660eb03496104af49f37a3d187dc12c, type: 3}
      propertyPath: m_LocalRotation.w
      value: 0.9999987
      objectReference: {fileID: 0}
    - target: {fileID: 4744892548748919842, guid: f660eb03496104af49f37a3d187dc12c, type: 3}
      propertyPath: m_LocalRotation.x
      value: -0.00000035641216
      objectReference: {fileID: 0}
    - target: {fileID: 4744892548748919842, guid: f660eb03496104af49f37a3d187dc12c, type: 3}
      propertyPath: m_LocalRotation.y
      value: -0.000014614274
      objectReference: {fileID: 0}
    - target: {fileID: 4744892548748919842, guid: f660eb03496104af49f37a3d187dc12c, type: 3}
      propertyPath: m_LocalRotation.z
      value: 0.0016322084
      objectReference: {fileID: 0}
    - target: {fileID: 5069024379682609896, guid: f660eb03496104af49f37a3d187dc12c, type: 3}
      propertyPath: m_LocalRotation.w
      value: 0.96198726
      objectReference: {fileID: 0}
    - target: {fileID: 5069024379682609896, guid: f660eb03496104af49f37a3d187dc12c, type: 3}
      propertyPath: m_LocalRotation.x
      value: 0.091554575
      objectReference: {fileID: 0}
    - target: {fileID: 5069024379682609896, guid: f660eb03496104af49f37a3d187dc12c, type: 3}
      propertyPath: m_LocalRotation.y
      value: 0.00036049203
      objectReference: {fileID: 0}
    - target: {fileID: 5069024379682609896, guid: f660eb03496104af49f37a3d187dc12c, type: 3}
      propertyPath: m_LocalRotation.z
      value: 0.2572899
      objectReference: {fileID: 0}
    - target: {fileID: 5361780272994597531, guid: f660eb03496104af49f37a3d187dc12c, type: 3}
      propertyPath: m_IsActive
      value: 0
      objectReference: {fileID: 0}
    - target: {fileID: 5781516549354035707, guid: f660eb03496104af49f37a3d187dc12c, type: 3}
      propertyPath: m_LocalRotation.w
      value: 1
      objectReference: {fileID: 0}
    - target: {fileID: 5781516549354035707, guid: f660eb03496104af49f37a3d187dc12c, type: 3}
      propertyPath: m_LocalRotation.x
      value: -0.0000001298752
      objectReference: {fileID: 0}
    - target: {fileID: 5781516549354035707, guid: f660eb03496104af49f37a3d187dc12c, type: 3}
      propertyPath: m_LocalRotation.y
      value: 0.00000742683
      objectReference: {fileID: 0}
    - target: {fileID: 5781516549354035707, guid: f660eb03496104af49f37a3d187dc12c, type: 3}
      propertyPath: m_LocalRotation.z
      value: 0.0002662014
      objectReference: {fileID: 0}
    - target: {fileID: 5866666021909216657, guid: f660eb03496104af49f37a3d187dc12c, type: 3}
      propertyPath: m_Enabled
      value: 0
      objectReference: {fileID: 0}
    - target: {fileID: 6135830001548824010, guid: f660eb03496104af49f37a3d187dc12c, type: 3}
      propertyPath: m_LocalRotation.w
      value: 0.8847065
      objectReference: {fileID: 0}
    - target: {fileID: 6135830001548824010, guid: f660eb03496104af49f37a3d187dc12c, type: 3}
      propertyPath: m_LocalRotation.x
      value: 0.05275894
      objectReference: {fileID: 0}
    - target: {fileID: 6135830001548824010, guid: f660eb03496104af49f37a3d187dc12c, type: 3}
      propertyPath: m_LocalRotation.y
      value: -0.000471224
      objectReference: {fileID: 0}
    - target: {fileID: 6135830001548824010, guid: f660eb03496104af49f37a3d187dc12c, type: 3}
      propertyPath: m_LocalRotation.z
      value: -0.4631531
      objectReference: {fileID: 0}
    - target: {fileID: 6137840551888214937, guid: f660eb03496104af49f37a3d187dc12c, type: 3}
      propertyPath: m_LocalPosition.x
      value: -0.002956664
      objectReference: {fileID: 0}
    - target: {fileID: 6137840551888214937, guid: f660eb03496104af49f37a3d187dc12c, type: 3}
      propertyPath: m_LocalPosition.y
      value: 0.68357533
      objectReference: {fileID: 0}
    - target: {fileID: 6137840551888214937, guid: f660eb03496104af49f37a3d187dc12c, type: 3}
      propertyPath: m_LocalPosition.z
      value: 0.046077516
      objectReference: {fileID: 0}
    - target: {fileID: 6137840551888214937, guid: f660eb03496104af49f37a3d187dc12c, type: 3}
      propertyPath: m_LocalRotation.w
      value: 0.966219
      objectReference: {fileID: 0}
    - target: {fileID: 6137840551888214937, guid: f660eb03496104af49f37a3d187dc12c, type: 3}
      propertyPath: m_LocalRotation.x
      value: -0.017252253
      objectReference: {fileID: 0}
    - target: {fileID: 6137840551888214937, guid: f660eb03496104af49f37a3d187dc12c, type: 3}
      propertyPath: m_LocalRotation.y
      value: 0.25444037
      objectReference: {fileID: 0}
    - target: {fileID: 6137840551888214937, guid: f660eb03496104af49f37a3d187dc12c, type: 3}
      propertyPath: m_LocalRotation.z
      value: -0.037193377
      objectReference: {fileID: 0}
    - target: {fileID: 6154837977840911850, guid: f660eb03496104af49f37a3d187dc12c, type: 3}
      propertyPath: m_LocalRotation.w
      value: 0.997361
      objectReference: {fileID: 0}
    - target: {fileID: 6154837977840911850, guid: f660eb03496104af49f37a3d187dc12c, type: 3}
      propertyPath: m_LocalRotation.x
      value: 0.07150085
      objectReference: {fileID: 0}
    - target: {fileID: 6154837977840911850, guid: f660eb03496104af49f37a3d187dc12c, type: 3}
      propertyPath: m_LocalRotation.y
      value: -0.0076260157
      objectReference: {fileID: 0}
    - target: {fileID: 6154837977840911850, guid: f660eb03496104af49f37a3d187dc12c, type: 3}
      propertyPath: m_LocalRotation.z
      value: 0.010026117
      objectReference: {fileID: 0}
    - target: {fileID: 6579409247999828650, guid: f660eb03496104af49f37a3d187dc12c, type: 3}
      propertyPath: m_LocalRotation.w
      value: 0.986163
      objectReference: {fileID: 0}
    - target: {fileID: 6579409247999828650, guid: f660eb03496104af49f37a3d187dc12c, type: 3}
      propertyPath: m_LocalRotation.x
      value: 0.16479479
      objectReference: {fileID: 0}
    - target: {fileID: 6579409247999828650, guid: f660eb03496104af49f37a3d187dc12c, type: 3}
      propertyPath: m_LocalRotation.y
      value: -0.000011634991
      objectReference: {fileID: 0}
    - target: {fileID: 6579409247999828650, guid: f660eb03496104af49f37a3d187dc12c, type: 3}
      propertyPath: m_LocalRotation.z
      value: 0.01803484
      objectReference: {fileID: 0}
    - target: {fileID: 6966868007353490592, guid: f660eb03496104af49f37a3d187dc12c, type: 3}
      propertyPath: m_LocalRotation.w
      value: 0.99747854
      objectReference: {fileID: 0}
    - target: {fileID: 6966868007353490592, guid: f660eb03496104af49f37a3d187dc12c, type: 3}
      propertyPath: m_LocalRotation.x
      value: 0.06479472
      objectReference: {fileID: 0}
    - target: {fileID: 6966868007353490592, guid: f660eb03496104af49f37a3d187dc12c, type: 3}
      propertyPath: m_LocalRotation.y
      value: -0.012330261
      objectReference: {fileID: 0}
    - target: {fileID: 6966868007353490592, guid: f660eb03496104af49f37a3d187dc12c, type: 3}
      propertyPath: m_LocalRotation.z
      value: 0.026194321
      objectReference: {fileID: 0}
    - target: {fileID: 7222036253432476672, guid: f660eb03496104af49f37a3d187dc12c, type: 3}
      propertyPath: m_LocalRotation.w
      value: -0.0459552
      objectReference: {fileID: 0}
    - target: {fileID: 7222036253432476672, guid: f660eb03496104af49f37a3d187dc12c, type: 3}
      propertyPath: m_LocalRotation.x
      value: -0.008340077
      objectReference: {fileID: 0}
    - target: {fileID: 7222036253432476672, guid: f660eb03496104af49f37a3d187dc12c, type: 3}
      propertyPath: m_LocalRotation.y
      value: 0.44420397
      objectReference: {fileID: 0}
    - target: {fileID: 7222036253432476672, guid: f660eb03496104af49f37a3d187dc12c, type: 3}
      propertyPath: m_LocalRotation.z
      value: 0.8947075
      objectReference: {fileID: 0}
    - target: {fileID: 7582778889551153453, guid: f660eb03496104af49f37a3d187dc12c, type: 3}
      propertyPath: m_LocalRotation.w
      value: 0.8970436
      objectReference: {fileID: 0}
    - target: {fileID: 7582778889551153453, guid: f660eb03496104af49f37a3d187dc12c, type: 3}
      propertyPath: m_LocalRotation.x
      value: 0.4397063
      objectReference: {fileID: 0}
    - target: {fileID: 7582778889551153453, guid: f660eb03496104af49f37a3d187dc12c, type: 3}
      propertyPath: m_LocalRotation.y
      value: -0.042050134
      objectReference: {fileID: 0}
    - target: {fileID: 7582778889551153453, guid: f660eb03496104af49f37a3d187dc12c, type: 3}
      propertyPath: m_LocalRotation.z
      value: 0.014246221
      objectReference: {fileID: 0}
    - target: {fileID: 7726866055645747997, guid: f660eb03496104af49f37a3d187dc12c, type: 3}
      propertyPath: m_LocalRotation.w
      value: 0.76039207
      objectReference: {fileID: 0}
    - target: {fileID: 7726866055645747997, guid: f660eb03496104af49f37a3d187dc12c, type: 3}
      propertyPath: m_LocalRotation.x
      value: -0.64856
      objectReference: {fileID: 0}
    - target: {fileID: 7726866055645747997, guid: f660eb03496104af49f37a3d187dc12c, type: 3}
      propertyPath: m_LocalRotation.y
      value: 0.0282742
      objectReference: {fileID: 0}
    - target: {fileID: 7726866055645747997, guid: f660eb03496104af49f37a3d187dc12c, type: 3}
      propertyPath: m_LocalRotation.z
      value: -0.019352823
      objectReference: {fileID: 0}
    - target: {fileID: 8052924225946976808, guid: f660eb03496104af49f37a3d187dc12c, type: 3}
      propertyPath: m_LocalRotation.w
      value: 0.9973636
      objectReference: {fileID: 0}
    - target: {fileID: 8052924225946976808, guid: f660eb03496104af49f37a3d187dc12c, type: 3}
      propertyPath: m_LocalRotation.x
      value: 0.07140929
      objectReference: {fileID: 0}
    - target: {fileID: 8052924225946976808, guid: f660eb03496104af49f37a3d187dc12c, type: 3}
      propertyPath: m_LocalRotation.y
      value: -0.007867736
      objectReference: {fileID: 0}
    - target: {fileID: 8052924225946976808, guid: f660eb03496104af49f37a3d187dc12c, type: 3}
      propertyPath: m_LocalRotation.z
      value: 0.010226416
      objectReference: {fileID: 0}
    - target: {fileID: 8227253150139165123, guid: f660eb03496104af49f37a3d187dc12c, type: 3}
      propertyPath: m_Materials.Array.data[0]
      value: 
      objectReference: {fileID: 0}
    - target: {fileID: 8546534809441012801, guid: f660eb03496104af49f37a3d187dc12c, type: 3}
      propertyPath: m_LocalRotation.w
      value: 0.9999129
      objectReference: {fileID: 0}
    - target: {fileID: 8546534809441012801, guid: f660eb03496104af49f37a3d187dc12c, type: 3}
      propertyPath: m_LocalRotation.x
      value: -0.013198573
      objectReference: {fileID: 0}
    - target: {fileID: 8546534809441012801, guid: f660eb03496104af49f37a3d187dc12c, type: 3}
      propertyPath: m_LocalRotation.y
      value: -0.00012331262
      objectReference: {fileID: 0}
    - target: {fileID: 8546534809441012801, guid: f660eb03496104af49f37a3d187dc12c, type: 3}
      propertyPath: m_LocalRotation.z
      value: -0.000010710666
      objectReference: {fileID: 0}
    m_RemovedComponents: []
  m_SourcePrefab: {fileID: 100100000, guid: f660eb03496104af49f37a3d187dc12c, type: 3}
--- !u!4 &6937601558004744901 stripped
Transform:
  m_CorrespondingSourceObject: {fileID: -8679921383154817045, guid: f660eb03496104af49f37a3d187dc12c, type: 3}
  m_PrefabInstance: {fileID: 7479905728903030062}
  m_PrefabAsset: {fileID: 0}
